Example
----------------------------------------------
	\@MISC{
	tag,
	author = {},
	title = {},
	howpublished = {Website or book},
	year = {Year published or visit date},
	note = {\url{http://www.website.com}}
	}
----------------------------------------------

@MISC{
wod,
author = {White Wolf Publishing},
title = {The World of Darkness},
howpublished = {Book},
year = {2004},
note = {ISBN: 1-58846-484-9}
}

@MISC{
cyberpunk,
author = {R. Talsorian Games},
title = {Cyberpunk 2020},
howpublished = {Book},
year = {1990},
note = {ISBN: 0-937-279-13-7}
}

@MISC{
dnd,
author = {Wizards of the Coast},
title = {Dungeons \& Dragons Core Rulebook 3.5},
howpublished = {Book},
year = {2003},
note = {ISBN: 0-7869-2886-7}
}

@MISC{
ffantasy,
author = {Wikipedia},
title = {Gameplay of Final Fantasy},
howpublished = {Website},
year = {21.03.2012},
note = {\url{http://en.wikipedia.org/wiki/Gameplay_of_Final_Fantasy}}
}

@MISC{
esa_pdf,
author = {The Entertainment Software Association},
title = {Essential facts about the computer and video game industry},
howpublished = {PDF},
year = {2011},
note = {\url{http://www.theesa.com/facts/pdfs/ESA_EF_2011.pdf}}
}


@article{paradigms1992,
author = {Allen L Ambler and Margaret M Burnett and Betsy A Zimmerman},
title = {Operational Versus Definitional: A Perspective on Programming Paradigms},
journal  = {Computer},
volume = {25},
number = {9},
pages = {28-43},
month = {september}
}

@article{paradigms1978,
author = "Robert W Floyd",
title = {The Paradigms of Programming},
journal = {Communications of the ACM},
year = {1979},
month = {august},
volume = {22},
number = {8},
}

@inproceedings{Torgersson96anote,
    author = {Olof Torgersson},
    title = {A note on declarative programming paradigms and the future of definitional programming},
    booktitle = {In Proceedings of Das Wintermote 96},
    year = {1996}
}

@MISC{
syntax_book,
author = {Michael Sipser},
title = {Introduction to the Theory of Computation, Second Edition, International Edition},
howpublished = {Book},
year = {2006},
note = {ISNB-10: 0-619-21764-2}
}

@MISC{
concepts_prog_lang,
author = {Robert W. Sebesta},
title = {Concepts of Programming Languages, Ninth Edition, International Edition},
howpublished = {Book},
year = {2010},
note = {ISBN-10: 0-13-246558-2}
}

@MISC{
wikidnd,
author = {Wikipedia},
title = {History of role-playing games},
howpublished = {Website},
year = {15.04.2012},
note = {\url{http://en.wikipedia.org/wiki/History_of_role-playing_games}}
}

//Barbaras

@MISC{
	Krishnamurthi2007,
	author = {Shriram Krishnamurthi},
	title = {Programming Languages: Application and Interpretation},
	howpublished = {Website},
	year = {2007},
	note = {\url{http://www.cs.brown.edu/~sk/Publications/Books/ProgLangs/2007-04-26/plai-2007-04-26.pdf}}
	}
@MISC{
	Fischer2010,
	author = {Charles N. Fischer, Ron K. Cytron, Richard J. LeBlanc Jr.},
	title = {Crafting a Compiler},
	howpublished = {Book},
	year = {2010},
	note = {ISBN:-10:0-13-801785-9}
	}

@MISC{
	Appelcline2007,
	author = {Shannon Appelcline},
	title = {The Origins of White Wolf Magazine: 1986-1990},
	howpublished = {Website},
	year = {2007},
	note = {\url{http://www.rpg.net/columns/briefhistory/briefhistory11.phtml}}
	}
